@Article{sedml2011,
  title= "Reproducible computational biology experiments with {SED-ML}---the {S}imulation {E}xperiment {D}escription {M}arkup {L}anguage",
  author="Waltemath, Dagmar and Adams, Richard and Bergmann, Frank T and Hucka, Michael and Kolpakov, Fedor and Miller, Andrew K and Moraru, Ion I and Nickerson, David and Sahle, Sven and Snoep, Jacky L and others",
  journal="BMC Systems Biology",
  volume="5",
  number="1",
  pages="198",
  year="2011",
  publisher="BioMed Central Ltd"
}

@article{cuellar2003overview,
  title={An overview of {CellML} 1.1, a biological model description language},
  author={Cuellar, Autumn A and Lloyd, Catherine M and Nielsen, Poul F and Bullivant, David P and Nickerson, David P and Hunter, Peter J},
  journal={Simulation},
  volume={79},
  number={12},
  pages={740--747},
  year={2003},
  publisher={Sage Publications}
}


@article{hucka2003,
   Author = {Hucka, Michael and Finney, Andrew and Sauro, Herbert M. and Bolouri, Hamid and Doyle, John C. and Kitano, Hiroaki and Arkin, Adam P. and Bornstein, Benjamin J. and Bray, Dennis and Cornish-Bowden, Athel and Cuellar, Autumn A. and Dronov, Sergey and Gilles, Ernst-Dieter and Ginkel, Martin and Gor, Victoria and Goryanin, Igor I. and Hedley, Warren J. and Hodgman, T. Charles and Hofmeyr, Jan-Hendrik. and Hunter, Peter J. and Juty, Nick S. and Kasberger, J. L. and Kremling, Andreas and Kummer, Ursula and Nov\`{e}re, Nicolas Le and Loew, Leslie M. and Lucio, Daniel and Mendes, Pedro and Mjolsness, Eric D. and Nakayama, Y. and Nelson, Melanie R. and Nielsen, Poul F. and Sakurada, Takeshi and Schaff, James C. and Shapiro, Bruce E. and Shimizu, Thomas S. and Spence, Hugh D. and Stelling, J\"{o}rg and Takahashi, Koichi and Tomita, Masaru and Wagner, John and Wang, J.},
   Title = {The {Systems Biology Markup Language} ({SBML}): A Medium for Representation and Exchange of Biochemical Network Models},
   Journal = {Bioinformatics},
   Volume = {19},
   Number = {4},
   Pages = {524-531},
   Date = {Mar 1},
   Year = {2003}
}

@article{sbo2013,
  title={Controlled vocabularies and semantics in systems biology},
  author={Courtot, M{\'e}lanie and Juty, Nick and Kn{\"u}pfer, Christian and Waltemath, Dagmar and Zhukova, Anna and Dr{\"a}ger, Andreas and Dumontier, Michel and Finney, Andrew and Golebiewski, Martin and Hastings, Janna and others},
  journal={Molecular Systems Biology},
  volume={7},
  number={1},
  year={2011},
  publisher={Wiley Online Library}
}



@article{mim2001,
   author = "Kohn, Kurt W.",
   title = "Molecular interaction maps as information organizers and simulation guides",
   journal = "Chaos: An Interdisciplinary Journal of Nonlinear Science",
   year = "2001",
   volume = "11",
   number = "1", 
   pages = "84-97",
   doi = "http://dx.doi.org/10.1063/1.1338126" 
}

@Article{path2models2013,
AUTHOR = {Buchel, Finja and Rodriguez, Nicolas and Swainston, Neil and Wrzodek, Clemens and Czauderna, Tobias and Keller, Roland and Mittag, Florian and Schubert, Michael and Glont, Mihai and Golebiewski, Martin and van Iersel, Martijn and Keating, Sarah and Rall, Matthias and Wybrow, Michael and Hermjakob, Henning and Hucka, Michael and Kell, Douglas and Muller, Wolfgang and Mendes, Pedro and Zell, Andreas and Chaouiya, Claudine and Saez-Rodriguez, Julio and Schreiber, Falk and Laibe, Camille and Drager, Andreas and Le Novere, Nicolas},
TITLE = {{Path2Models}: large-scale generation of computational models from biochemical pathway maps},
JOURNAL = {BMC Systems Biology},
VOLUME = {7},
YEAR = {2013},
NUMBER = {1},
PAGES = {116},
DOI = {10.1186/1752-0509-7-116},
}



@article{li2010biomodels,
  title={{BioModels Database}: An enhanced, curated and annotated resource for published quantitative kinetic models},
  author={Li, Chen and Donizelli, Marco and Rodriguez, Nicolas and Dharuri, Harish and Endler, Lukas and Chelliah, Vijayalakshmi and Li, Lu and He, Enuo and Henry, Arnaud and Stefan, Melanie I and others},
  journal={BMC Systems Biology},
  volume={4},
  number={1},
  pages={92},
  year={2010},
  publisher={BioMed Central Ltd}
}


@article{henkel2014combining,
  title={Combining computational models, semantic annotations, and associated simulation experiments in a graph database},
  author={Henkel, Ron and Wolkenhauer, Olaf and Walthemath, Dagmar},
  year={2014},
  journal={PeerJ PrePrints},
  volume={2},
  number={e376v2}, 
  doi={10.7287/peerj.preprints.376v2}
}

@Article{le2009systems,
  title={The {Systems Biology Graphical Notation}},
  author={Le Nov\`{e}re, Nicolas and Hucka, Michael and Mi, Huaiyu and Moodie, Stuart and Schreiber, Falk and Sorokin, Anatoly and Demir, Emek and Wegner, Katja and Aladjem, Mirit I and Wimalaratne, Sarala M and others},
  journal={Nature Biotechnology},
  volume={27},
  number={8},
  pages={735--741},
  year={2009},
  publisher={Nature Publishing Group}
}

@ARTICLE{yu:2011,
  author = {Yu, Tommy and Lloyd, Catherine M. and Nickerson, David P.
	and Cooling, Michael T. and Miller, Andrew K. and Garny, Alan and
	Terkildsen, Jonna R. and Lawson, James and Britten, Randall D. and
	Hunter, Peter J. and Nielsen, Poul M F.},
  title = {The {P}hysiome {M}odel {R}epository 2},
  journal = {Bioinformatics},
  year = {2011},
  volume = {27},
  pages = {743--744},
  number = {5},
  month = {Mar},
  doi = {10.1093/bioinformatics/btq723},
}

@article{sansone2012toward,
  title={Toward interoperable bioscience data},
  author={Sansone, Susanna-Assunta and Rocca-Serra, Philippe and Field, Dawn and Maguire, Eamonn and Taylor, Chris and Hofmann, Oliver and Fang, Hong and Neumann, Steffen and Tong, Weida and Amaral-Zettler, Linda and others},
  journal={Nature Genetics},
  volume={44},
  number={2},
  pages={121--126},
  year={2012},
  publisher={Nature Publishing Group}
}

@article{lefranc_2012,
	author = {Le Franc, Yann  and Davison, Andrew P.  and Gleeson, Padraig  and Imam, Fahim T.  and Kriener, Birgit  and Larson, Stephen D.  and Ray, Subhasis  and Schwabe, Lars  and Hill, Sean  and De Schutter, Erik},
	title = {{Computational Neuroscience Ontology}: a new tool to provide semantic meaning to your models},
	journal = {BMC Neuroscience},
	volume = {13},
	number = {Suppl 1},
	pages = {P149},
	publisher = {BioMed Central Ltd},
	year = {2012},
	doi = {10.1186/1471-2202-13-S1-P149},
}

@article{christie_2009,
	author = {Christie, G. Richard  and Nielsen, Poul M. F.  and Blackett, Shane A.  and Bradley, Chris P.  and Hunter, Peter J.},
	title = {{FieldML}: concepts and implementation},
	journal = {Philosophical Transactions of the Royal Society of London A},
	volume = {367},
	number = {1895},
	pages = {1869-1884},
	year = {2009},
	doi = {10.1098/rsta.2009.0025},
}

@article{britten_2013,
	author = {Britten, Randall D.  and Christie, G. Richard  and Little, Caton  and Miller, Andrew K.  and Bradley, Chris  and Wu, Alan  and Yu, Tommy  and Hunter, Peter  and Nielsen, Poul},
	title = {{FieldML}, a proposed open standard for the {Physiome} project for mathematical model representation},
	journal = {Medical \& Biological Engineering \& Computing},
	volume = {51},
	number = {11},
	pages = {1191-207},
	address = {United States},
	year = {2013},
	doi = {10.1007/s11517-013-1097-7},
}

@misc{gpml_2014,
	title = {{GPML} Pathway Format},
	year = {2014},
	howpublished = {\url{http://developers.pathvisio.org/wiki/EverythingGpml}},
}

@article{gleeson_2010,
	author = {Gleeson, Padraig  and Crook, Sharon  and Cannon, Robert {C}.  and Hines, Michael L.  and Billings, Guy O.  and Farinella, Matteo  and Morse, Thomas M.  and Davison, Andrew P.  and Ray, Subhasis  and Bhalla, Upinder S.  and Barnes, Simon R.  and Dimitrova, Yoana D.  and Silver, R. Angus},
	title = {{NeuroML}: a language for describing data driven models of neurons and networks with a high degree of biological detail},
	journal = {{P}{L}o{S} Computational Biology},
	volume = {6},
	number = {6},
	pages = {e1000815},
	year = {2010},
	doi = {10.1371/journal.pcbi.1000815},
}

@article{dada_2010,
	author = {Dada, Joseph O. and Spasic, Irena.  and Paton, Norman W. and Mendes, Pedro},
	title = {{SBRML}: a markup language for associating systems biology data with models},
	journal = {Bioinformatics},
	volume = {26},
	number = {7},
	pages = {932-938},
	year = {2010},
	doi = {10.1093/bioinformatics/btq069},
}

@article{hermjakob2004hupo,
  title={The {HUPO} {PSI}'s molecular interaction format--a community standard for the representation of protein interaction data},
  author={Hermjakob, Henning and Montecchi-Palazzi, Luisa and Bader, Gary and Wojcik, Jerome and Salwinski, Lukasz and Ceol, Arnaud and Moore, Susan and Orchard, Sandra and Sarkans, Ugis and von Mering, Christian and others},
  journal={Nature Biotechnology},
  volume={22},
  number={2},
  pages={177--183},
  year={2004},
  publisher={Nature Publishing Group}
}

@article{richmond2014model,
  title={From model specification to simulation of biologically constrained networks of spiking neurons},
  author={Richmond, Paul and Cope, Alex and Gurney, Kevin and Allerton, David J},
  journal={Neuroinformatics},
  volume={12},
  number={2},
  pages={307--323},
  year={2014},
  publisher={Springer}
}


@article{waltemath2014meeting,
  title={Meeting report from the fourth meeting of the {Computational Modeling in Biology Network} ({COMBINE})},
  author={Waltemath, Dagmar and Bergmann, Frank T and Chaouiya, Claudine and Czauderna, Tobias and Gleeson, Padraig and Goble, Carole and Golebiewski, Martin and Hucka, Mickael and Juty, Nick and Krebs, Olga and others},
  journal={Standards in Genomic Sciences},
  volume={9},
  number={3},
  year={2014}
}


@article{le2011meeting,
  title={Meeting report from the first meetings of the {Computational Modeling in Biology Network} ({COMBINE})},
  author={Le Nov{\`e}re, Nicolas and Hucka, Michael and Anwar, Nadia and Bader, Gary D and Demir, Emek and Moodie, Stuart and Sorokin, Anatoly},
  journal={Standards in Genomic Sciences},
  volume={5},
  number={2},
  pages={230},
  year={2011},
  publisher={Genomic Standards Consortium}
}


@article{pathguide,
author = {Gary D. Bader and Michael P. Cary and Chris Sander},
title = {{Pathguide: a pathway resource list}},
journal = {Nucleic Acids Research},
volume = {34 (Database issue)},
page = {D504--D506},
year = 2006
}

@article{demir2010biopax,
	author = {Demir, Emek  and Cary, Michael P.  and Paley, Suzanne  and Fukuda, Ken  and Lemer, Christian  and Vastrik, Imre  and Wu, Guanming N. and D'Eustachio, Peter  and Schaefer, Carl  and Luciano, Joanne  and Schacherer, Frank  and Martinez-Flores, Irma  and Hu, Zhenzjun J. and Jimenez-Jacinto, Veronica  and Joshi-Tope, Geeta  and Kandasamy, Kumaran  and Lopez-Fuentes, Alejandra {C}.  and Mi, Huaiyu Y. and Pichler, Elgar  and Rodchenkov, Igor  and Splendiani, Andrea  and Tkachev, Sasha  and Zucker, Jeremy  and Gopinath, Gopal  and Rajasimha, Harsha  and Ramakrishnan, Ranjani  and Shah, Imran  and Syed, Mustafa  and Anwar, Nadia  and Babur, \"{O}zg\"{u}n O. and Blinov, Michael  and Brauner, Erik  and Corwin, Dan  and Donaldson, Sylva  and Gibbons, Frank  and Goldberg, Robert  and Hornbeck, Peter  and Luna, Augustin  and Murray-Rust, Peter  and Neumann, Eric  and Reubenacker, Oliver  and Samwald, Matthias  and van Iersel, Martijn  and Wimalaratne, Sarala  and Allen, Keith  and Braun, Burk  and Whirl-Carrillo, Michelle  and Cheung, Kei-Hoi H. and Dahlquist, Kam  and Finney, Andrew  and Gillespie, Marc  and Glass, Elizabeth  and Gong, Li  and Haw, Robin  and Honig, Michael  and Hubaut, Olivier  and Kane, David  and Krupa, Shiva  and Kutmon, Martina  and Leonard, Julie  and Marks, Debbie  and Merberg, David  and Petri, Victoria  and Pico, Alex  and Ravenscroft, Dean  and Ren, Liya Y. and Shah, Nigam  and Sunshine, Margot  and Tang, Rebecca  and Whaley, Ryan  and Letovksy, Stan  and Buetow, Kenneth H.  and Rzhetsky, Andrey  and Schachter, Vincent  and Sobral, Bruno S.  and Dogrusoz, Ugur  and McWeeney, Shannon  and Aladjem, Mirit  and Birney, Ewan  and Collado-Vides, Julio  and Goto, Susumu  and Hucka, Michael  and Le Nov\`{e}re, Nicolas  and Maltsev, Natalia  and Pandey, Akhilesh  and Thomas, Paul  and Wingender, Edgar  and Karp, Peter D.  and Sander, Chris  and Bader, Gary D.},
	title = {The {B}io{P}{A}{X} community standard for pathway data sharing},
	journal = {Nature Biotechnology},
	volume = {28},
	number = {9},
	pages = {935-942},
	year = {2010},
	doi = {10.1038/nbt.1666},
}

@article{galdzicki2014,
	author = {Galdzicki, Michal  and Clancy, Kevin P.  and Oberortner, Ernst  and Pocock, Matthew  and Quinn, Jacqueline Y.  and Rodriguez, Cesar A.  and Roehner, Nicholas  and Wilson, Mandy L.  and Adam, Laura  and Anderson, J. Christopher  and Bartley, Bryan A.  and Beal, Jacob  and Chandran, Deepak  and Chen, Joanna  and Densmore, Douglas  and Endy, Drew  and Gr\"{u}nberg, Raik  and Hallinan, Jennifer  and Hillson, Nathan J.  and Johnson, Jeffrey D.  and Kuchinsky, Allan  and Lux, Matthew  and Misirli, Goksel  and Peccoud, Jean  and Plahar, Hector A.  and Sirin, Evren  and Stan, Guy-Bart, B. and Villalobos, Alan  and Wipat, Anil  and Gennari, John H.  and Myers, Chris J.  and Sauro, Herbert M.},
	title = {The {Synthetic Biology Open Language} ({SBOL}) provides a community standard for communicating designs in synthetic biology},
	journal = {Nature Biotechnology},
	volume = {32},
	number = {6},
	pages = {545},
	publisher = {Nature Publishing Group},
	year = {2014},
	doi = {10.1038/nbt.2891},
}

@misc{mamo_2014,
        author = {Anna Zhukova and Dagmar Waltemath and Maciej J. Swat and Jon Olav Vik and Nicolas Rodriguez and Nicolas {Le Nov\`{e}re}},
	title = {{Mathematical Modelling Ontology} ({MAMO})},
	year = {2014},
	howpublished = {\url{https://sourceforge.net/p/mamo-ontology/wiki/Home/}},
}

@ARTICLE{Eilbeck2005,
  author = {Eilbeck, Karen and Lewis, Suzanna E. and Mungall, Christopher J.
	and Yandell, Mark and Stein, Lincoln and Durbin, Richard and Ashburner,
	Michael},
  title = {The {Sequence Ontology}: a tool for the unification of genome annotations},
  journal = {Genome Biology},
  year = {2005},
  volume = {6},
  pages = {R44},
  number = {5},
  doi = {10.1186/gb-2005-6-5-r44},
}

@ARTICLE{Juty2012,
  author = {Nick Juty and Nicolas Le Nov\`{e}re and Camille Laibe},
  title = {Identifiers.org and {MIRIAM Registry}: community resources to provide persistent identification},
  journal = {Nucleic Acids Research},
  year = {2012},
  volume = {40},
  pages = {D580--D586},
  number = {Database issue},
  month = {Jan},
  doi = {10.1093/nar/gkr1097}
}

@article{courtot2011a,
  author = {Courtot, M\'{e}lanie and Juty, Nick and Kn\"upfer, Christian and
	Waltemath, Dagmar and Zhukova, Anna and Dr\"ager, Andreas and Dumontier,
	Michel and Finney, Andrew and Golebiewski, Martin and Hastings, Janna
	and Hoops, Stefan and Keating, Sarah and Kell, Douglas B. and Kerrien,
	Samuel and Lawson, James and Lister, Allyson and Lu, James and Machne,
	Rainer and Mendes, Pedro and Pocock, Matthew and Rodriguez, Nicolas
	and Vill\'{e}ger, Alice and Wilkinson, Darren J. and Wimalaratne,
	Sarala and Laibe, Camille and Hucka, Michael and Le Nov\`{e}re, Nicolas},
  title = {Controlled vocabularies and semantics in systems biology},
  journal = {Molecular Systems Biology},
  year = 2011,
  volume = 7,
  pages = 543,
  number = 1,
  month = sep,
  doi = {10.1038/msb.2011.77},
}

@article{vaniersel_2008,
	author = {van Iersel, Martijn P.  and Kelder, Thomas  and Pico, Alexander R.  and Hanspers, Kristina  and Coort, Susan  and Conklin, Bruce R.  and Evelo, Chris},
	title = {Presenting and exploring biological pathways with {PathVisio}},
	journal = {BMC Bioinformatics},
	volume = {9},
	pages = {399},
	year = {2008},
	doi = {10.1186/1471-2105-9-399},
}

@misc{mathml,
	author = {Ausbrooks, Ron  and Buswell, Stephen  and Dalmas, St\~{A}\copyrightphane  and Devitt, Stan  and Diaz, Angel  and Hunter, Roger  and Smith, Bruce  and Soiffer, Neil  and Sutor, Robert  and Watt, Stephen},
	title = {{M}athematical {M}arkup {L}anguage ({M}ath{M}{L}) Version 2.0 (Second Edition) {{W3C}} Recommendation 21 {O}ctober 2003},
	year = {2003},
	howpublished = {\url{http://www.w3.org/TR/2003/REC-MathML2-20031021/}},
}

@misc{lassila_1999,
   Author = {Lassila, Ora and Swick, Ralph},
   Title = {Resource Description Framework ({RDF}) Model and Syntax Specification},
   howpublished = {\url{http://www.w3.org/TR/REC-rdf-syntax/}},
   URL = {http://www.w3.org/TR/REC-rdf-syntax/},
   Year = {1999}
}

@article{go_2000,
   Author = {{The Gene Ontology Consortium}},
   Title = {{Gene Ontology}: tool for the unification of biology},
   Journal = {Nature Genetics},
   Volume = {25},
   Pages = {25-29},
   Year = {2000}
}

@article{hermjakob_2004,
	author = {Hermjakob, H.  and Montecchi-Palazzi, L.  and Bader, G.  and Wojcik, R.  and Salwinski, L.  and Ceol, A.  and Moore, S.  and Orchard, S.  and Sarkans, U.  and von Mering, {C}.  and Roechert, B.  and Poux, S.  and Jung, E.  and Mersch, H.  and Kersey, P.  and Lappe, M.  and Li, YX X. and Zeng, R.  and Rana, D.  and Nikolski, M.  and Husi, H.  and Brun, {C}.  and Shanker, K.  and Grant, SGN G. N. and Sander, {C}.  and Bork, P.  and Zhu, WM M. and Pandey, A.  and Brazma, A.  and Jacq, B.  and Vidal, M.  and Sherman, D.  and Legrain, P.  and Cesareni, G.  and Xenarios, L.  and Eisenberg, D.  and Steipe, B.  and Hogue, {C}.  and Apweiler, R.},
	title = {The {HUPO} {PSI}'s {Molecular Interaction} format---a community standard for the representation of protein interaction data},
	journal = {Nature Biotechnology},
	volume = {22},
	number = {2},
	pages = {177-183},
	year = {2004},
	doi = {10.1038/nbt926},
}

@article{montecchipalazzi_2008,
	author = {Montecchi-Palazzi, Luisa  and Beavis, Ron  and Binz, Pierre-Alain  and Chalkley, Robert J.  and Cottrell, John  and Creasy, David  and Shofstahl, Jim  and Seymour, Sean L.  and Garavelli, John S.},
	title = {The {PSI}-{MOD} community standard for representation of protein modification data},
	journal = {Nature Biotechnology},
	volume = {26},
	number = {8},
	pages = {864-866},
	year = {2008},
	doi = {10.1038/nbt0808-864},
}

@misc{Bergmann2014combine,
	author = {Bergmann, Frank T.  and Adams, Richard  and Moodie, Stuart  and Cooper, Jonathan  and Glont, Mihai  and Golebiewski, Martin  and Hucka, Michael  and Laibe, Camille  and Miller, Andrew K.  and Nickerson, David P.  and Olivier, Brett G.  and Rodriguez, Nicolas  and Sauro, Herbert M.  and Scharm, Martin  and Soiland-Reyes, Stian  and Waltemath, Dagmar  and Yvon, Florent  and Nov\`{e}re, Nicolas Le},
	title = {One file to share them all: Using the {COMBINE} Archive and the {OMEX} format to share all information about a modeling project},
	howpublished = {arXiv:1407.4992 [cs.DL]},
	year = {2014},
}

@article{hucka_2003,
   Author = {Hucka, Michael and Finney, Andrew and Sauro, Herbert M. and Bolouri, Hamid and Doyle, John C. and Kitano, Hiroaki and Arkin, Adam P. and Bornstein, Benjamin J. and Bray, Dennis and Cornish-Bowden, Athel and Cuellar, Autumn A. and Dronov, Sergey and Gilles, Ernst-Dieter and Ginkel, Martin and Gor, Victoria and Goryanin, Igor I. and Hedley, Warren J. and Hodgman, T. Charles and Hofmeyr, Jan-Hendrik. and Hunter, Peter J. and Juty, Nick S. and Kasberger, J. L. and Kremling, Andreas and Kummer, Ursula and Nov\`{e}re, Nicolas Le and Loew, Leslie M. and Lucio, Daniel and Mendes, Pedro and Mjolsness, Eric D. and Nakayama, Y. and Nelson, Melanie R. and Nielsen, Poul F. and Sakurada, Takeshi and Schaff, James C. and Shapiro, Bruce E. and Shimizu, Thomas S. and Spence, Hugh D. and Stelling, J\"{o}rg and Takahashi, Koichi and Tomita, Masaru and Wagner, John and Wang, J.},
   Title = {The {Systems Biology Markup Language} ({SBML}): A Medium for Representation and Exchange of Biochemical Network Models},
   Journal = {Bioinformatics},
   Volume = {19},
   Number = {4},
   Pages = {524-531},
   Date = {Mar 1},
   Year = {2003}
}

@article{hucka_2004,
   Author = {Hucka, Michael and Finney, Andrew and Bornstein, Benjamin J. and Keating, Sarah M. and Shapiro, Bruce E. and Matthews, Joanne and Kovitz, Ben L. and Schilstra, Maria J. and Funahashi, Akira and Doyle, John C. and Kitano, Hiroaki},
   Title = {Evolving a Lingua Franca and Associated Software Infrastructure for Computational Systems Biology: The {Systems} {Biology} {Markup} {Language} ({SBML}) Project},
   Journal = {Systems Biology},
   Volume = {1},
   Number = {1},
   Pages = {41-53},
   Date = {June},
   Year = {2004}
}

@misc{hucka_2010,
	author = {Hucka, Michael  and Bergmann, Frank T.  and Hoops, Stephan  and Keating, Sarah M.  and Sahle, Sven  and Schaff, James {C}.  and Smith, Lucian P.},
	title = {The {S}ystems {B}iology {M}arkup {L}anguage ({{SBML}}): Language Specification for {L}evel 3 {V}ersion 1 {Core}},
	uuid = {B0D5B556-96A3-4589-B634-30652305AC5F},
	publisher = {Nature Precedings},
	institution = {California Institute of Technology},
	year = {2010},
	doi = {http://dx.doi.org/10.1038/npre.2010.4959.1},
        howpublished = {Available via the World Wide Web at \url{http://sbml.org/Documents/Specifications}}
}

@article{demir2010,
	author = {Demir, Emek  and Cary, Michael P.  and Paley, Suzanne  and Fukuda, Ken  and Lemer, Christian  and Vastrik, Imre  and Wu, Guanming N. and D'Eustachio, Peter  and Schaefer, Carl  and Luciano, Joanne  and Schacherer, Frank  and Martinez-Flores, Irma  and Hu, Zhenzjun J. and Jimenez-Jacinto, Veronica  and Joshi-Tope, Geeta  and Kandasamy, Kumaran  and Lopez-Fuentes, Alejandra {C}.  and Mi, Huaiyu Y. and Pichler, Elgar  and Rodchenkov, Igor  and Splendiani, Andrea  and Tkachev, Sasha  and Zucker, Jeremy  and Gopinath, Gopal  and Rajasimha, Harsha  and Ramakrishnan, Ranjani  and Shah, Imran  and Syed, Mustafa  and Anwar, Nadia  and Babur, \"{O}zg\"{u}n O. and Blinov, Michael  and Brauner, Erik  and Corwin, Dan  and Donaldson, Sylva  and Gibbons, Frank  and Goldberg, Robert  and Hornbeck, Peter  and Luna, Augustin  and Murray-Rust, Peter  and Neumann, Eric  and Reubenacker, Oliver  and Samwald, Matthias  and van Iersel, Martijn  and Wimalaratne, Sarala  and Allen, Keith  and Braun, Burk  and Whirl-Carrillo, Michelle  and Cheung, Kei-Hoi H. and Dahlquist, Kam  and Finney, Andrew  and Gillespie, Marc  and Glass, Elizabeth  and Gong, Li  and Haw, Robin  and Honig, Michael  and Hubaut, Olivier  and Kane, David  and Krupa, Shiva  and Kutmon, Martina  and Leonard, Julie  and Marks, Debbie  and Merberg, David  and Petri, Victoria  and Pico, Alex  and Ravenscroft, Dean  and Ren, Liya Y. and Shah, Nigam  and Sunshine, Margot  and Tang, Rebecca  and Whaley, Ryan  and Letovksy, Stan  and Buetow, Kenneth H.  and Rzhetsky, Andrey  and Schachter, Vincent  and Sobral, Bruno S.  and Dogrusoz, Ugur  and McWeeney, Shannon  and Aladjem, Mirit  and Birney, Ewan  and Collado-Vides, Julio  and Goto, Susumu  and Hucka, Michael  and Le Nov\`{e}re, Nicolas  and Maltsev, Natalia  and Pandey, Akhilesh  and Thomas, Paul  and Wingender, Edgar  and Karp, Peter D.  and Sander, Chris  and Bader, Gary D.},
	title = {The {B}io{P}{A}{X} community standard for pathway data sharing},
	journal = {Nature Biotechnology},
	volume = {28},
	number = {9},
	pages = {935-942},
	year = {2010},
	doi = {10.1038/nbt.1666},
}

@article{hedley_2001b,
   Author = {Hedley, Warren J. and Nelson, Melanie R. and Bullivant, D. P. and Nielson, Poul F.},
   Title = {A Short Introduction to {CellML}},
   Journal = {Philosophical Transactions of the Royal Society of London A},
   Volume = {359},
   Pages = {1073-1089},
   Year = {2001}
}
